



@article{lang1976algebre,
  title={Alg{\`e}bre lin{\'e}aire},
  author={Lang, Serge},
  year={1976},
  publisher={InterEditions}
}



@misc{LaGIT,
  title = { {A}lgebre-{L}ineaire-2},
  howpublished = {\url{https://github.com/EisenIn/Algebre-Lineaire-2/}},
  note = {Git Repository}
}